@inproceedings{Orm74,
  author = {R. A. Ormiston},
  booktitle = {Proceedings of the Meeting of
Specialists on Rotorcraft Dynamics, American Helicopter Society and
Ames Research Center},
  title = {Comparison of several methods for predicting loads on a hypothetical helicopter rotor},
  year = {1974},
  address = {Moffett Field, CA, United States}
}

@techreport{Fla77,
  author = {W. G. Flannelly and F. D. Bartlett and T.W. Forsberg},
  institution = {Kaman Aerospace Corporation},
  title = {Laboratory verification of force determination, a potential tool for reliability testing},
  year = {1977}
}

@article{Had02,
  author = {J. Hadamard},
  journal = {Princeton University Bulletin},
  title = {Sur les problèmes aux dérivées partielles et leur signification physique},
  pages = {49--52},
  volume = {13 (4)},
  year = {1902}
}

@article{Jan99,
  author  = {M. H. A. Janssens and J. W. Verheij},
  journal = {Journal of Sound and Vibration},
  title   = {The use of an equivalent forces method for the experimental quantification of structural sound transmission in ships},
  year    = {1999},
  pages   = {305--328},
  volume  = {226 (2)},
}

@inproceedings{Jan19,
  author = {K. Janssens and B. Forrier and R. Cumbo E. Risalti andB. Cornelis and T. Tamarozzi and W. Desmet},
  title = {Virtual sensing application cases exploiting various degrees of model complexity},
  booktitle = {Proceedings of Asia-Pacific Vibration Conference 2019},
  year = {2019}
}

@inbook{Fri13,
  author = {C.-P. Fritzen and M. Klinkov and P. Kraemer},
  chapter = {Vibration-based damage diagnosis and monitoring of external loads},
  editor = {W. Ostachowicz and J. Alfredo Güemes},
  pages = {149--208},
  publisher = {Springer},
  title = {New trends in structural health monitoring},
  year = {2013}
}

@article{Rog22,
  author = {T. J. Rogers and T. Friis},
  journal = {Mechanical Systems and Signal Processing},
  title = {A latent restoring force approach to nonlinear system identification},
  volume = {180},
  year = {2022},
  pages = {109426},
}

@article{Lei20,
  author = {Y. Lei and J. Lu and J. Huang and S. Chen},
  journal = {Mechanical Systems and Signal Processing},
  title = {A general synthesis of identification and vibration control of building structures under unknown excitations},
  volume = {143},
  year = {2020},
  pages = {106803},
}

@inproceedings{Cor08,
  author = {M. Corus and O. Sauvage and E. Balmès},
  booktitle = {Proceedings of International Conference on Noise and Vibration Engineering (ISMA)},
  title = {Estimation of transmitted loads using experimental substructuring},
  year = {2004}
}

@article{Pot84,
  author = {R. Potter and W. Seering},
  journal = {Journal of Vibtation, Acoustics, Stress, and Reliability in Design},
  title = {Multichannel structural inverse filtering},
  volume = {106 (1)},
  year = {1984},
  pages = {22--28},
}

@article{Sun20,
  author = {Y. Sun and L. Luo and K. Chen and X. Qin and Q. Zhang},
  journal = {Computers and Structures},
  title = {A time-domain for load identification using moving weighted least square technique},
  volume = {234},
  year = {2020},
  pages = {106254},
}

@article{Li10,
  author = {L. Li and B. Jafarpour},
  journal = {Inverse Problems},
  title = {Effective solution of nonlinear subsurface flow inverse problems in sparse bases},
  volume = {26},
  year = {2010},
  pages = {105016},
}

@article{Auc16,
  author = {M. Aucejo and O. De Smet},
  journal = {Mechanical Systems and Signal Processing},
  title = {Bayesian source identification using local priors},
  volume = {66--67},
  year = {2016},
  pages = {120--136},
}

@article{Thi03,
  author = {A. N. Thite and D. J. Thompson},
  journal = {Journal of Sound and Vibration},
  title = {The quantification of structure-borne transmission paths by inverse methods. Part 2: Use of regularization techniques},
  volume = {264},
  year = {2003},
  pages = {433--451},
}

@article{Ren13,
  author = {C. Renzi and C. Pézerat and J.-L. Guyader},
  journal = {Journal of Sound and Vibration},
  title = {Vibratory source identification by using the Finitte Element Method Model of a subdomain of a flexural beam},
  volume = {332},
  year = {2013},
  pages = {545--562},
}

@article{Auc17,
  author = {M. Aucejo and O. De Smet},
  journal = {Mechanical Systems and Signal Processing},
  title = {A multiplicative regularization for force reconstruction},
  volume = {85},
  year = {2017},
  pages = {730--745},
}

@article{Qia17,
  author = {B. Qiao and X. Zhang and J. Gao and R. Liu and X. Chen},
  journal = {Mechanical Systems and Signal Processing},
  title = {Sparse deconvolution for the large-scale ill-posed inverse problem of impact force reconstruction},
  volume = {83},
  year = {2017},
  pages = {93--115},
}

@article{Rez16,
  author = {A. Rezayat and V. Nassiri and B. De Pauw and J. Ertveldt and S. Vanlanduit and P. Guillaume},
  journal = {Mechanical Systems and Signal Processing},
  title = {Identification of dynamic forces using group-sparsity in frequency domain},
  volume = {70--71},
  year = {2016},
  pages = {756--768},
}

@article{Auc19,
  author = {M. Aucejo and O. De Smet and J.-F. Deü},
  journal = {Mechanical Systems and Signal Processing},
  title = {On a space-time regularization for force reconstruction},
  volume = {118},
  year = {2018},
  pages = {549--567},
}

@article{Zha12,
  author = {E. Zhang and J. Antoni and P. Feissel},
  journal = {Journal of Sound and Vibration},
  title = {Bayesian force reconstruction with an uncertain model},
  volume = {331},
  year = {2012},
  pages = {798--814},
}

@article{Li18,
  author = {Q. Li and Q. Lu},
  journal = {Journal of Sound and Vibration},
  title = {A hierarchical Bayesian method for vibration-based time domain force reconstruction problems},
  volume = {421},
  year = {2018},
  pages = {190--204},
}

@article{Auc19b,
  author = {M. Aucejo and O. De Smet},
  journal = {Mechanical Systems and Signal Processing},
  title = {An optimal Bayesian regularization for force reconstruction problems},
  volume = {126},
  year = {2019},
  pages = {98--115},
}

@article{Fau17,
  author = {C. Faure and F. Ablitzer and J. Antoni and C. Pézerat},
  journal = {Mechanical Systems and Signal Processing},
  title = {Empirical and fully Bayesian approaches for the identification of vibration sources from transverse displacement measurements},
  volume = {94},
  year = {2017},
  pages = {180--201},
}

@article{Auc18,
  author = {M. Aucejo and O. De Smet},
  journal = {Mechanical Systems and Signal Processing},
  title = {On a full Bayesian inference for force reconstruction problems},
  volume = {104},
  year = {2018},
  pages = {36--59},
}

@article{Ber14,
  author = {A. Berry and O. Robin and F. Pierron},
  journal = {Journal of Sound and Vibration},
  title = {Identification of dynamic loading on a bending plate using the Virtual Fields Method},
  volume = {333},
  year = {2014},
  pages = {7151--7164},
}

@article{Tot18,
  author = {N. Totaro},
  journal = {Journal of Sound and Vibration},
  title = {Selective structural source indentification},
  volume = {420},
  year = {2018},
  pages = {114--128},
}

@article{Xu15,
  author = {X. Xu and J. Ou},
  journal = {Journal of Sound and Vibration},
  title = {Force identification of dynamic systems using virtual work principle},
  volume = {337},
  year = {2015},
  pages = {71--94},
}

@article{Pez95,
  author = {C. Pézerat and J.-L. Guyader},
  journal = {Acta Acustica},
  title = {Two inverse methods for localization of external sources exciting a beam},
  volume = {3},
  year = {1995},
  pages = {1--10},
}

@article{Lec12,
  author = {Q. Leclère and C. Pézerat},
  journal = {Journal of Sound and Vibration},
  title = {Vibration source identification using corrected finite difference schemes},
  volume = {331},
  year = {1366--1377}
}

@article{Tab19,
  author = {I. Tabian and H. Fu and Z. Sharif Khodaei},
  journal = {Sensors},
  title = {A Convolutional Neural Network for impact detection and characterization of complex composite structures},
  volume = {19},
  year = {2019},
  pages = {4933},
}

@article{Zho19,
  author = {JM Zhou and L. Dong and W. Guan and J. Yan},
  journal = {Mechanical Systems and Signal Processing},
  title = {Impact load identification of nonlinear structures using deep Recurrent Neural Network},
  volume = {133},
  year = {2019},
  pages = {106292},
}

@article{Yan21,
  author = {H. Yang and J. Jiang and G. Chen and M. S. Mohamed and F. Lu},
  journal = {Materials},
  title = {A Recurrent Neural Network-based method for dynamic load
identification of beam structures},
  volume = {14},
  year = {2021},
  pages = {7846},
}

@article{Esh22,
  author = {S. Sadeghi Eshkevari and L. Cronin and S. Sadeghi Eshkevari and S. N. Pakzad},
  journal = {Mechanical Systems and Signal Processing},
  title = {Input estimation of nonlinear systems using probabilistic neural network},
  volume = {166},
  year = {2022},
  pages = {108368},
}

@article{Yan23,
  author = {H. Yang and J. Jiang and G. Chen and J. Zhao},
  journal = {Mechanical Systems and Signal Processing},
  title = {Dynamic load identification based on deep convolution
neural network},
  volume = {185},
  year = {2023},
  pages = {109757},
}

@article{Zho24,
  author = {R. Zhou and B. Qiao and J. Liu and W. Cheng and X. Chen},
  journal = {Aerospace Science and Technology},
  title = {Impact force localization and reconstruction via gated temporal
convolutional network},
  volume = {144},
  year = {2024},
  pages = {108819},
}

@article{Li24,
  author = {Y. Li and P. Ni and L. Sun and Y. Xia},
  journal = {Mechanical Systems and Signal Processing},
  title = {Finite element model-informed deep learning for equivalent force
estimation and full-field response calculation},
  volume = {206},
  year = {2024},
  pages = {110892},
}

@article{Imp24,
  author = {M. Impraimakis},
  journal = {Structural Health Monitoring},
  title = {Deep recurrent-convolutional neural network learning and physics Kalman filtering comparison in dynamic load identification},
  volume = {24 (3)},
  year = {2024},
  pages = {1752-1782},
}

@article{Zho25,
  author = {R. Zhou and B. Qiao and L. Jiang and W. Cheng and X. Yiang and Y. Wang and X. Chen},
  journal = {Mechanical Systems and Signal Processing},
  title = {A model-based deep learning approach to interpretable impact force
localization and reconstruction},
  volume = {224},
  year = {2025},
  pages = {111977},
}

@article{Zho24b,
  author = {J. Zhou and Y. Cai and L. Dong and B. Zhang and Z. Peng},
  journal = {Mechanical Systems and Signal Processing},
  title = {Data-physics hybrid-driven deep learning method for impact
force identification},
  volume = {211},
  year = {2024},
  pages = {111238},
}

@article{Hua23,
  author = {C. Huang and C. Tao and H. Ji and J. Qiu},
  journal = {Mechanical Systems and Signal Processing},
  title = {Impact force reconstruction and localization using Distance-assisted
Graph Neural Network},
  volume = {200},
  year = {2023},
  pages = {110606},
}

@article{Bus97,
  author = {H. R. Busby and D. M. Trujillo},
  journal = {Computers and Structures},
  title = {Optimal regularization of an inverse dynamic problem},
  volume = {63 (2)},
  year = {1997},
  pages = {243--248},
}

@article{Nor06,
  author = {L. J. L. Nordström},
  journal = {Computer Methods in Applied Mechanics and Engineering},
  title = {A dynamic programming algorithm for input estimation
on linear time-variant systems},
  volume = {195},
  year = {2006},
  pages = {6407--6427},
}

@inproceedings{Stu12,
  author = {M. Sturm and A. T. Moorehouse and T. Alber and F. F. Li},
  booktitle = {Proceedings of International Conference on Noise and Vibration Engineering (ISMA)},
  title = {Force reconstruction using an adaptive algorithm in time
domain},
  year = {2012},
  address = {Leuven, Belgium}
}

@article{Lou12,
  author = {E. Lourens and E. Reynders and G. De Roeck and G. Lombaert},
  journal = {Mechanical Systems and Signal Processing},
  title = {An augmented Kalman filter for force identification
in structural dynamics},
  volume = {27},
  year = {2012},
  pages = {446--460},
}

@article{Nay19,
  author = {R. Nayek and S. Chakraborty and S. Narasimhan},
  journal = {Mechanical Systems and Signal Processing},
  title = {A Gaussian process latent force model for joint input-state
estimation in linear structural systems},
  volume = {128},
  year = {2019},
  pages = {497-530},
}

@article{Zou23,
  author = {J. Zou and E. Lourens and A. Cicirello},
  journal = {Mechanical Systems and Signal Processing},
  title = {Virtual sensing of subsoil strain response in monopile-based
offshore wind turbines via Gaussian process latent force models},
  volume = {200},
  year = {2023},
  pages = {110488},
}

@article{Lou12b,
  author = {E. Lourens and C. Papadimitriou and S. Gillijns and E. Reynders and G. De Roeck and G. Lombaert},
  journal = {Mechanical Systems and Signal Processing},
  title = {Joint input-response estimation for structural systems based on reduced-order models and vibration data from a limited number of sensors},
  volume = {29},
  year = {2012},
  pages = {310-327},
}

@article{Eft15,
  author = {S. Eftekhar Azam and E. Chatzi and C. Papadimitriou},
  journal = {Mechanical Systems and Signal Processing},
  title = {A dual Kalman filter approach for state estimation via ouput-only acceleration measurements},
  volume = {60--61},
  year = {2015},
  pages = {866--886},
}

@article{Sed19,
  author = {O. Sedehi and C. Papadimitriou and D. Teymouri and L. S. Katafygiotis},
  journal = {Mechanical Systems and Signal Processing},
  title = {Sequential Bayesian estimation of state and input in dynamical systems using ouput-only measurements},
  volume = {131},
  year = {2019},
  pages = {659--688},
}

@article{Ghi22,
  author = {J. Ghibaudo and M. Aucejo and O. De Smet},
  journal = {Mechanical Systems and Signal Processing},
  title = {A Sparse adaptive Bayesian filter for input estimation problems},
  volume = {180},
  year = {2022},
  pages = {109416},
}

@article{Odo17,
  author = {{P. O'Donoghue} and O. Robin and A. Berry},
  journal = {Strain},
  title = {Time-resolved identification of mechanical loadings on plates using the virutal fields method and deflectometry measurements},
  volume = {54 (3)},
  year = {2017},
  pages = {e12258},
}

@inproceedings{Auj19,
  author = {Nicolas Aujogue and Annie Ross},
  booktitle = {Proceedings of the 16th International Congress on Sound and Vibration (ICSV16)},
  title = {Transient force analysis technique to identify time-varying loads and defects on plates},
  year = {2019},
  address = {Montreal, Canada},
}

@inproceedings{Pez20,
  author = {C. Pézerat and Q. Leclère and E. Le Roux and J.-H. Thomas},
  booktitle = {Proceedings of Forum Acusticum 2020},
  title = {Adapting the correction for CFAT application in time domain},
  year = {2020},
  address = {Lyon, France},
}

@article{Wan21,
  author = {C. Wang and D. Chen and J. Chen and X. Lai, T. He},
  journal = {Engineering Applications of Artifial Intelligence},
  title = {Deep regression adaptation networks with model-based transfer learning for dynamic load identification in the frequency domain},
  volume = {102},
  year = {2021},
  pages = {104244},
}

@article{Lee22,
  author = {C. Y. Lee and H. Hasegawa and S. Gao},
  journal = {IEEE/CAA Journal of Automatica Sinica},
  title = {Complex-valued neural networks: A comprehensive survey},
  volume = {9 (8)},
  year = {2022},
  pages = {1406--1426},
}

@article{Auc18b,
  author = {M. Aucejo and O. De Smet},
  journal = {Mechanical Systems and Signal Processing},
  title = {A space-frequency multiplicative regularization for force reconstruction problems},
  volume = {104},
  year = {2018},
  pages = {1--18},
}

@article{Auc14,
  author = {M. Aucejo},
  journal = {Journal of Sound and Vibration},
  title = {Strcutral source identification using a generalized Tikhonov regularization},
  volume = {333},
  year = {2014},
  pages = {5693--5707},
}

@article{Auc25,
  author = {M. Aucejo and O. De Smet},
  journal = {Mechanical Systems and Signal Processing},
  title = {A frequency-domain sequential Bayesian filter for sparse and broadband force estimation problems},
  volume = {232},
  year = {2025},
  pages = {112729},
}

@article{Das99,
  author = {P. K. Dash and A. K. Pradhan and G. Panda},
  journal = {IEEE Transactions on Power Delivery},
  title = {Frequency estimationtion of distorted power system signals using extended complex Kalman filter},
  volume = {14 (3)},
  year = {1999},
  pages = {761--766},
}

@article{Per24,
  author = {R. Pérez-Ibacache and R. Carvajal and R. Herrera-Hernàndez and J. C. Agüero},
  journal = {Mathematics},
  title = {A complex-valued stationary Kalman filter for positive and negative sequance estimation in DER systems},
  volume = {12},
  year = {2024},
  pages = {1899},
}

@article{Enz06,
  author = {G. Enzner and P. Vary},
  journal = {Signal Processing},
  title = {Frequency-domain adaptive Kalman filter for acoustic echo control in hands-free telephones},
  volume = {86},
  year = {2006},
  pages = {1140--1156},
}

@inproceedings{Kab22,
  author = {T. Kabzinski and P. Jax},
  booktitle = {Proceedings of the 30th European Signal Processing Conference (EUSIPCO)},
  title = {A unified perspective on time-domain and frequency-domain Kalman filters for acoustic system identification},
  year = {2022},
  address = {Belgrade, Serbia},
}

@article{Fan19,
  author = {W. Fan and K. Chen and J. Lu and J. Tao},
  journal = {IEEE Signal Processing Letters},
  title = {Effective improvement of under-modeling frequency-domain Kalman filter},
  volume = {26 (2)},
  year = {2019},
  pages = {342--346},
}

@article{Wan19,
  author = {G. Wang and S. S. Ge and R. Xue and J. Zhao and C. Li},
  journal = {Signal Processing},
  title = {Complex-valued Kalman filters based on Gaussian entropy},
  volume = {160},
  year = {178--189}
}

@article{Meh70,
  author = {R. Mehra},
  journal = {IEEE Transactions on Automatic Control},
  title = {On the identification of variances and adaptive Kalman filtering},
  volume = {15 (2)},
  year = {1970},
  pages = {175--184},
}

@article{Zha20,
  author = {L. Zhang and D. Sidoti and A. Bienkowski and K. R. Pattipati and Y. Bar-Shalom and D. L. Kleinman},
  journal = {IEEE Access},
  title = {On the identification of noise covariances and adative Kalman filtering: A new look at a 50 year-old problem},
  volume = {8},
  year = {2020},
  pages = {59362--59388},
}

@article{Dun17,
  author = {J. Duník and O. Straka and O. KOst and J. Havlík},
  journal = {International Journal of Adaptive Control and Signal Processing},
  title = {Noise covariance matrices in state-space models: A survey and comparison of estimation methods -- Part I},
  volume = {31 (11)},
  year = {2017},
  pages = {1505--1543},
}

@article{Kal60,
  author = {R. E. Kalman},
  journal = {Journal of Basic Enginnering},
  title = {A new approach to linear filtering and prediction problems},
  volume = {82 (1)},
  year = {1960},
  pages = {35--45},
}

@book{Sar13,
  author = {S. Särkkä},
  publisher = {Cambridge University Press},
  title = {Bayesian filtering and smoothing},
  year = {2013},
  edition = {{First}},
}

@article{Han92,
  author = {P. C. Hansen},
  journal = {SIAM Review},
  title = {Analysis of discrete ill-posed problems by means of the L-curve},
  volume = {34 (4)},
  year = {1992},
  pages = {561--580},
}

@article{Mye76,
  author = {K. A. Myers and B. D. Tapley},
  journal = {IEEE Transactions on Automatic Control},
  title = {Adaptive sequential estimation with unknown noise statistics},
  volume = {21 (8)},
  year = {1976},
  pages = {520--523},
}

@article{Sar09,
  author = {S. Särkkä and A. Nummenmmaa},
  journal = {IEEE Transactions on Automatic Control},
  title = {Recursive noise adaptive Kalman filtering by variational Bayesian approximations},
  volume = {54 (3)},
  year = {2009},
  pages = {596--600},
}

@article{Per15,
  author = {A. Pereira and J. Antoni and Q. Leclère},
  journal = {Applied Acoustics},
  title = {Empirical regularization of the inverse acoustic problem},
  volume = {97},
  year = {2015},
  pages = {11--29},
}

@article{Gar10,
  author = {D. Garcia},
  journal = {Computational Statistics and Data Analysis},
  title = {Robust smoothing of gridded data in one and higher dimensions with missing values},
  volume = {54 (4)},
  year = {2010},
  pages = {1167--1178},
}

@article{Str99,
  author = {G. Strang},
  journal = {SIAM Review},
  title = {The discrete cosine transform},
  volume = {41 (1)},
  year = {1999},
  pages = {135--147},
}

@article{Yue05,
  author = {W. C. Yueh},
  journal = {Applied Mathematics E-Notes},
  title = {Eigenvalues of several tridiagonal matrices},
  volume = {5},
  year = {2005},
  pages = {66--74},
}

@book{Bre73,
  author = {R. P. Brent},
  publisher = {Prentice-Hall},
  address = {Englewood Cliffs, NJ, USA},
  title = {Algorithms for minimization without derivatives},
  year = {1973}
}

@article{Vet23,
  author = {S. Vettori and E. Di Lorenzo and B. Peeters and M. M. Luczak and E. Chatzi},
  journal = {Mechanical Systems and Signal Processing},
  title = {An adaptive-noise Augmented Kalman Filter approach for input-state estimation in structural dynamics},
  volume = {184},
  year = {2023},
  pages = {109654},
}

@article{Bil25,
  author = {N. Bilgin and A. Olivier},
  journal = {Mechanical Systems and Signal Processing},
  title = {Joint Bayesian estimation of process and measurement noise statistics in nonlinear Kalman filtering},
  volume = {223},
  year = {2025},
  pages = {111836},
}

@inproceedings{Akh17,
  author = {S. Akhlaghi and N. Zhou and Z. Huang},
  booktitle = {Proceedings of the 2017 IEEE Power and Energy Society General Meeting},
  title = {Adaptive adjustment of noise covariance in Kalman filter for dynamic state estimation},
  year = {2017},
}

@article{Gho25,
  author = {E. Ghobani and Q. Dollon and F. P. Gosselin},
  journal = {Nonlinear Dynamics},
  title = {Physics-aware tuing of the unscented Kalman filter: statistical framework for solving inverse problems involving nonlinear dynamical systems and missing data},
  volume = {113},
  year = {2025},
  pages = {4301--4323},
}

@article{Kon15,
  author = {T. Kontoroupi and A. W. Smyth},
  journal = {Journal of Risk and Uncertainty in Engineering Systems, Part A: Civil Engineering},
  title = {Online noise identification for joint state and parameter estimation of nonlinear systems},
  volume = {2 (3)},
  year = {2015},
  pages = {B4015006},
}

@article{Sha80,
  author = {P. Shaman},
  journal = {Journal of Multivariate Analysis},
  title = {The inverted complex Wishart distribution and its application to spectral estimation},
  volume = {10 (1)},
  year = {1980},
  pages = {51--59},
}

@article{Tip01,
  author  = {M. E. Tipping},
  journal = {Journal of Machine Learning Research},
  title   = {Sparse bayesian learning and the relevance vector machine},
  year    = {2001},
  pages   = {241-244},
  volume  = {1},
}

@article{Sun25,
  author = {Z. Sun and M. Mahmoodian and A. Sidiq and S. Jayasinghe and F. Shahrivar and S. Setunge},
  journal = {Journal of Sensor and Actuator Networks},
  title = {Optimal sensor placement for structural health monitoring: A comprehensive review},
  volume = {14 (2)},
  year = {2025},
  pages = {22}
}

@article{Rob16,
  author  = {O. Robin and J.-D. Chazot and R. Boulandet and M. Michau and A. Berry and N. Atalla},
  journal = {Acta Acustica united with Acustica},
  title   = {A plane and thin Panel with representative simply supported boundary conditions for laboratory vibroacoustic tests},
  year    = {2016},
  pages   = {170--182},
  volume  = {102 (1)},
}